<?xml version="1.0" encoding="UTF-8"?><collection xmlns="http://www.loc.gov/MARC21/slim"><record><leader>00552nam--2200193-u-4500</leader><controlfield tag="001">000053523</controlfield><controlfield tag="002">20161230</controlfield><controlfield tag="005">20161230201051</controlfield><controlfield tag="008">110411s1000------------r-----000-0-eng-d</controlfield><datafield ind1=" " ind2=" " tag="020"><subfield code="a">0959417400</subfield></datafield><datafield ind1=" " ind2=" " tag="040"><subfield code="a">IFIN-HH</subfield></datafield><datafield ind1=" " ind2=" " tag="080"><subfield code="a">57.012?537.533.35</subfield></datafield><datafield ind1="1" ind2=" " tag="100"><subfield code="a">O'Brien, T.P</subfield></datafield><datafield ind1="1" ind2="0" tag="245"><subfield code="a">The study of plant structure principles and selscted methods</subfield><subfield code="c">T.p. o'brien; m.e.mccully</subfield></datafield><datafield ind1=" " ind2=" " tag="260"><subfield code="a">Melbourne, Australia</subfield><subfield code="b">Termarcarphi Pty, Ltd</subfield><subfield code="c">1981</subfield></datafield><datafield ind1=" " ind2=" " tag="300"><subfield code="a">/PAG.DIF.</subfield></datafield><datafield ind1="1" ind2=" " tag="700"><subfield code="a">Mccully, M.E</subfield></datafield><datafield ind1=" " ind2=" " tag="852"><subfield code="a">81235</subfield><subfield code="c">57</subfield></datafield><datafield ind1=" " ind2=" " tag="CAT"><subfield code="a">Sys</subfield><subfield code="c">20110411</subfield><subfield code="h">101652</subfield></datafield></record></collection>